@manual{react2021,
  title        = {{React, Getting Started}},
  organization = {Facebook},
  year         = {10.6.2021},
  url          = {https://reactjs.org/docs/getting-started.html}
}

@manual{react-router2021,
  title        = {{React Router}},
  organization = {ReactTraining},
  year         = {10.6.2021},
  url          = {https://reactrouter.com/web/guides/quick-start}
}

@manual{bootstrap2021,
  title        = {{Bootstrap, Getting Started}},
  organization = {Bootstrap Team},
  year         = {10.6.2021},
  url          = {https://getbootstrap.com/docs/5.0/getting-started/introduction/}
}

@manual{materialUI2021,
  title        = {{Material-UI, Getting Started}},
  organization = {Material-UI},
  year         = {10.6.2021},
  url          = {https://material-ui.com/getting-started/installation/}
}

@manual{ace2021,
  title        = {{Ace}},
  organization = {Ace},
  year         = {10.6.2021},
  url          = {https://ace.c9.io/#nav=about}
}

@manual{spring2021,
  title        = {{Spring Framework}},
  organization = {Spring},
  year         = {7.6.2021},
  url          = {https://spring.io/projects/spring-framework}
}

@manual{springsecurity2021,
  title        = {{Spring Security}},
  organization = {Spring},
  year         = {8.6.2021},
  url          = {https://spring.io/projects/spring-security}
}

@manual{springdatajpa2021,
  title        = {{Spring Data JPA}},
  organization = {Spring},
  year         = {9.6.2021},
  url          = {https://spring.io/projects/spring-data-jpa}
}

@manual{hibernate2021,
  title        = {{Hibernate}},
  organization = {Red Hat},
  year         = {10.6.2021},
  url          = {https://hibernate.org/}
}